% Encoding: UTF-8

@Article{https://es.wikipedia.org/wiki/Motor_de_corriente_continua,
  author = {Gottleb, I M.},
  title  = {Motor DC Y CC},
  year   = {1994},
}

@Comment{jabref-meta: databaseType:bibtex;}
