% Encoding: UTF-8

@Article{https://unicrom.com/tiristor-scr-en-corriente-continua/,
  author  = {Sayontan Sinha},
  title   = {Tiristor (SCR) en corriente cont√¨nua},
  journal = {Electronica unicrom},
  year    = {2016},
}

@Article{,
}

@Comment{jabref-meta: databaseType:bibtex;}
