@article{cardenas2015diseno,
  title={Dise{\~n}o y Construcci{\'o}n del Prototipo de un Brazo Rob{\'o}tico con Tres Grados de Libertad, como Objeto de Estudio},
  author={C{\'a}rdenas, Marvin Molina and Barrios, Patty Pedroza and Moreno, Kevin Mauricio Gait{\'a}n and Arismendy, Javier Fernando Salgado and {\'A}vila, Mar{\'\i}a Camila Ord{\'o}{\~n}ez},
  journal={Ingeniare},
  number={18},
  pages={87--94},
  year={2015}
}

@article{puglisi2006protesis,
  title={Pr{\'o}tesis rob{\'o}ticas},
  author={Puglisi, Lisandro and Moreno, H{\'e}ctor},
  journal={Revista del Departamento de Autom{\'a}tica e Inform{\'a}tica Industrial},
  pages={1--2},
  year={2006}
}

@article{turiel2002aplicaciones,
  title={Aplicaciones de la Rob{\'o}tica: {\'U}ltimas tendencias y nuevas perspectivas},
  author={Turiel, J P{\'e}rez and Marinero, JC Fraile and Gonz{\'a}lez, Jos{\'e} Ram{\'o}n Per{\'a}n},
  journal={Dyna},
  volume={77},
  number={3},
  pages={61--68},
  year={2002}
}

@article{schilling1990fundamentals,
  title={Fundamentals of robotics: analysis and control},
  author={Schilling, Robert J},
  volume={629},
  year={1990},
  publisher={Prentice Hall New Jersey}
}

@misc{wallace2011robotic,
  title={Robotic catheter system},
  author={Wallace, Daniel T and Moll, Frederic H and Younge, Robert G and Martin, Kenneth M and Stahler, Gregory J and Moore, David F and Adams, Daniel T and Zinn, Michael R and Niemeyer, Gunter D},
  year={2011},
  month=jul # "~5",
  publisher={Google Patents},
  note={US Patent 7,972,298}
}