%%%%%%%%%%%%%%%%%%%%%%%%%%%%%%%%Bibliography by C. Has%%%%%%%%%%%%%%%%%%%%%%%%%%%%%\bibliography{untitled1}
\usepackage{url}

\include{www.grupoisis.uma.es/microbot/public/robots.pdf} 